@url{website:vmwareEsxi,
	Author = {VMWare},
	Date-Added = {2017-10-10 06:40:57 +0000},
	Date-Modified = {2017-10-10 06:42:00 +0000},
	Lastchecked = {2017-10-07},
	Title = {vSphere und vSphere with Operations Management},
	Url = {https://www.vmware.com/ch/products/vsphere.html},
	Urldate = {2017-10-05}}

@url{website:ibm2,
    Author = {Bill White; Marian Gasparovic; Franco Pinto; Richard Young},
    Date-Added = {2017-10-06 06:40:57 +0000},
    Date-Modified = {2017-10-06 06:42:00 +0000},
    Lastchecked = {2017-10-05},
    Title = {Red books Front cover Getting Started with KVM for IBM z Systems},
    Url = {http://www.redbooks.ibm.com/redbooks/pdfs/sg248332.pdf},
    Urldate = {2017-10-05}}

@url{website:virtualisierung,
    Author = {Amit Singh},
    Date-Added = {2017-10-10 06:37:16 +0000},
    Date-Modified = {2017-10-10 06:40:06 +0000},
    Lastchecked = {2017-10-06},
    Title = {An Introduction to Virtualization},
    Url = {http://www.kernelthread.com/publications/virtualization/},
    Urldate = {2017-10-06}
}

@online{website:hs-rm,
	Author = {Timo Hirt},
	Date = {2010-02},
	Date-Modified = {2017-10-10 06:38:05 +0000},
	Rating = {4},
	Title = {KVM - The kernel-based virtual machine},
	Url = {"https://www.cs.hs-rm.de/~linn/fachsem0910/hirt/KVM.pdf"}
}
@url{website:vergleich,
    Date = {2017-10},
    Date-Modified = {2017-10-10},
    Title = {VMware vs KVM},
    Url = {https://www.rippleweb.com/vmware-vs-kvm/}
}
@url{website:esxyVergleich,
	Author = {Von Andrej Radonic},
	Date = {2017-09-22},
	Title = {Kostenlose Virtualisierungssoftware im Vergleich},
	Url = {https://www.tecchannel.de/a/kostenlose-virtualisierungssoftware-im-vergleich,2051909},
    Urldate = {2017-10-06}
}
